<?xml version="1.0" encoding="UTF-8"?><collection xmlns="http://www.loc.gov/MARC21/slim"><record><leader>00368nam--2200133-i-4500</leader><controlfield tag="001">000044367</controlfield><controlfield tag="002">20161230</controlfield><controlfield tag="005">20161230201044</controlfield><controlfield tag="008">060222s1000------------r-----000-0-eng-d</controlfield><datafield ind1=" " ind2=" " tag="080"><subfield code="a">530.145.6:530.12:531.18:530.145</subfield></datafield><datafield ind1=" " ind2=" " tag="100"><subfield code="a">Puranik, P.G</subfield></datafield><datafield ind1=" " ind2=" " tag="245"><subfield code="a">Quantum particle dynamics</subfield></datafield><datafield ind1=" " ind2=" " tag="260"><subfield code="a">Ram Nagar, New Delhi, S.Chand &amp; Co.(Pvt.) Ltd., 1871, Xi+315p</subfield></datafield><datafield ind1=" " ind2=" " tag="852"><subfield code="a">37032</subfield></datafield></record></collection>